@article{wirkus1998pump,
  title={How to pump a swing},
  author={Wirkus, Stephen and Rand, Richard and Ruina, Andy},
  journal={The College Mathematics Journal},
  volume={29},
  number={4},
  pages={266--275},
  year={1998},
  publisher={Taylor \& Francis}
}

@misc{bryde2023kiiking,
      title={Optimal strategies for kiiking: active pumping to invert a swing}, 
      author={Petur Bryde and Ian C. Davenport and L. Mahadevan},
      year={2023},
      eprint={2308.06818},
      archivePrefix={arXiv},
      primaryClass={physics.pop-ph},
      url={https://arxiv.org/abs/2308.06818}, 
}

@article{klimina2022optimal,
          title={On the optimal swinging of a swing by a person standing on it},
          author={Klimina, LA and Formalskii, AM},
          journal={Journal of Computer and Systems Sciences International},
          volume={61},
          number={6},
          pages={944--953},
          year={2022},
          publisher={Springer}
}

@article{Yan2005swing,
        doi = {10.1088/0031-9120/40/6/004},
        url = {https://dx.doi.org/10.1088/0031-9120/40/6/004},
        year = {2005},
        month = {nov},
        publisher = {},
        volume = {40},
        number = {6},
        pages = {534},
        author = {Yanqing Ju},
        title = {The physics of having a swing},
        journal = {Physics Education}
}

@article{William1996standing,
author = {Case, William},
year = {1996},
month = {03},
pages = {},
title = {The pumping of a swing from the standing position},
volume = {64},
journal = {American Journal of Physics - AMER J PHYS},
doi = {10.1119/1.18209}
}

@article{Roura_2010,
doi = {10.1088/0143-0807/31/5/020},
url = {https://dx.doi.org/10.1088/0143-0807/31/5/020},
year = {2010},
month = {aug},
publisher = {},
volume = {31},
number = {5},
pages = {1195},
author = {Roura, P and Gonz√°lez, J A},
title = {Towards a more realistic description of swing pumping due to the exchange of angular momentum},
journal = {European Journal of Physics}
}
